<record><leader>00000cas a22000007a 4500</leader><controlfield tag="001">11225458</controlfield><controlfield tag="008">841003d19011901mtuwr ne      0    0eng d</controlfield><datafield ind1=" " ind2=" " tag="010"><subfield code="a">sn 84036191 </subfield></datafield><datafield ind1=" " ind2=" " tag="040"><subfield code="a">MTL</subfield><subfield code="b">eng</subfield><subfield code="c">MTL</subfield><subfield code="d">OCLCQ</subfield></datafield><datafield ind1=" " ind2=" " tag="042"><subfield code="a">msc</subfield></datafield><datafield ind1="0" ind2="0" tag="245"><subfield code="a">Weekly Democrat-messenger.</subfield></datafield><datafield ind1="3" ind2="0" tag="246"><subfield code="a">Democrat-messenger</subfield></datafield><datafield ind1=" " ind2=" " tag="260"><subfield code="a">Missoula, Mont. :</subfield><subfield code="b">R. Giddings,</subfield><subfield code="c">1901.</subfield></datafield><datafield ind1=" " ind2=" " tag="300"><subfield code="a">1 v. :</subfield><subfield code="b">ill. ;</subfield><subfield code="c">54 cm.</subfield></datafield><datafield ind1=" " ind2=" " tag="310"><subfield code="a">Weekly</subfield></datafield><datafield ind1="0" ind2=" " tag="362"><subfield code="a">7th year (June 20, 1901)-7th year (Oct. 31, 1901).</subfield></datafield><datafield ind1=" " ind2=" " tag="500"><subfield code="a">Title varies slightly: Democrat-messenger, July 18-Oct. 31, 1901.</subfield></datafield><datafield ind1=" " ind2=" " tag="500"><subfield code="a">"Only Democratic newspaper published in Missoula County."</subfield></datafield><datafield ind1=" " ind2=" " tag="500"><subfield code="a">"Official paper of Missoula County."</subfield></datafield><datafield ind1=" " ind2=" " tag="550"><subfield code="a">Official organ of: Democratic Party of Missoula County.</subfield></datafield><datafield ind1=" " ind2=" " tag="752"><subfield code="a">United States</subfield><subfield code="b">Montana</subfield><subfield code="c">Missoula</subfield><subfield code="d">Missoula.</subfield></datafield><datafield ind1="0" ind2="0" tag="780"><subfield code="t">Daily Democrat-messenger</subfield><subfield code="w">(DLC)sn 84036190</subfield></datafield><datafield ind1="0" ind2="0" tag="785"><subfield code="t">Missoula Democrat</subfield><subfield code="w">(DLC)sn 84036192</subfield></datafield></record>